Record 1
LDR  01272nam  2200313 a 4500
001  CUBL05-B560
003  CStRLIN
005  20050203160410.0
008  050203q19731974is            000 0 heb d
040       $a NNYU $c NNYU $d CUL
090       $a BM522.42 $b .O33 1973
100  1    $a Hoffenberg, Cemach.
240  10   $a Hekhal Tsemaòh
245  10   $a Sefer Hekhal Tsemaòh.
260       $a [Yerushalayim? : $b òh. mo. l] ; $a Canada : $b le-haâsig, M. Green, $c [734 i.e. 1973 or 1974]
300       $a 264 p. ; $c 34 cm.
500       $a CUBL:  OUTPUT 852 AS FOLLOWS: TAKE 4 LETTER LI CODE (CUBL) FROM 001 & OUTPUT IN 852 a, TAKE LOC CODE (RBSTA) FROM 852 b & OUTPUT IN b; OUTPUT INCOMING 852 h, i, t, m, x AS IS (02/05).
500       $a OUTPUT 901 AS FOLLOWS: TAKE LI CODE (CUBL) FROM 001 & OUTPUT IN 901 a; OUTPUT REMAINDER OF 001 IN 901 b.
500       $a DROP INCOMING 852 FIELD.
650   0   $a Responsa $y 1900-
650   0   $a Names, Personal $x Jewish.
600  00   $a Maimonides, Moses, $d 1135-1204. $t Mishneh Torah $x Commentaries.
650   0   $a Jewish law.
650   0   $a Talmud $x Commentaries.
650   0   $a Hadran.
650   0   $a Jewish sermons, Hebrew.
700  12   $a Hoffenberg, Cemach. $t Mishneh berurah, u-Peri tsemaòh.
852       $a CUBL $b RBSTA $h BM522.42 $i .O33 1973 $m Folio $t 1 $x CIN=brb
901       $a CUBL $b 05-B560

Record 2
