LDR  01024nas  2200277 a 4500
001  CUBL05-S27
003  CStRLIN
005  20050207163401.0
008  050207c20039999enkfx p       0  | 0eng d
010       $a   2003257139
022       $y 1350-1771
040       $a HkHP-I $c HkHP-I $d IEN $d InU $d CStRLIN $d CUL
042       $a lcd
090       $a K2283.A15 $b I58
245  04   $a The international journal of speech, language and the law : $b forensic linguistics.
246  10   $a Speech language and the law
246  10   $a Forensic linguistics
260       $a Birmingham, UK : $b University of Birmingham Press, $c c2003-
300       $a v. ; $c 24 cm.
310       $a Two no. a year
362  0    $a Vol. 10, no. 1 (2003)-
500       $a CUBL: HOLDINGS IN 852 z DO NOT BEGIN WITH "Library has: "; OUTPUT HOLDINGS AS IS IN SUBFLD 3 (02/05).
650   0   $a Forensic linguistics $v Periodicals.
780  00   $t Forensic linguistics $x 1350-1771 $w (DLC)sn 96034254 $w (OCoLC)32002937
852       $a CUBL $b STA $h K2283.A15 $i I58 $t 1 $x CIN=brb $3 Vol. 10, no. 1 (2003)-
901       $a CUBL $b 05-S27

Record 3
