LDR  01049dxx  2200289 a 4500
001  CUBL05-B386
003  CStRLIN
005  20020510143000.0
008  050126s2002    gw       b    001 0 ger d
010       $a   2002436882
020       $a 3428106601 (alk. paper)
040       $a ZCU $c ZCU $d DLC $d MiU-L
043       $a e-gx---
050  00   $a KK4455 $b .H65 2002
090       $a KK4455 $b .H65 2002
100  1    $a Holste, Heiko.
260       $a Berlin : $b Duncker & Humblot, $c c2002.
300       $a 580 p. ; $c 24 cm.
440   0   $a Schriften zur Verfassungsgeschichte, $x 0582-0553 ; $v Bd. 65.
500       $a CUBL:  DELETE REC HAS NO 245, INVALID TYPE & BIBLVL, NO 005, UNKNOWN LOC CODE - OUTPUT DELETE REC WITH NO 998 ERROR FIELDS AND WITH 005 CREATED BY FORCEDATE (11/05).
504       $a Bibliography: p. [549]-576.
500       $a Includes index.
650   0   $a Constitutional history $z Germany.
651   0   $a Germany $x Politics and government $y 1866-1871.
651   0   $a Germany $x Politics and government $y 1871-1933.
852       $a CUBL $b ZZZ $h KK4455 $i .H65 2002 $t 1
901       $a CUBL $b 05-B386

Record 4
