LDR  01336cas  2200277   4500
001  CUBL89-S164
003  CStRLIN
005  20040617154100.0
008  890629c19759999dcu x    s   f0   a0eng d
040       $d MiU $d CStRLIN $d MBU-L $d NN $d CSfU-L
043       $a n-us---
074       $a Item 1049-G
245  00   $a Federal administrative law judge hearings.
260       $a Washington : $b Office of the Chairman, Administrative Conference of the United States, $c 1977-
300       $a v. ; $c 27 cm.
362  0    $a 1975-1985
500       $a CUBL:  1ST 852 HAS 2 SUBFLD P'S (RLF NUMBER); OUTPUT 1ST ONLY - REMOVE "NRLF: ", OUTPUT REMAINDER IN SUBFLD p (09/04).
500       $a 2ND 852 HAS SUBFLD P THAT DOES NOT CONTAIN "NRLF" OR "SRLF" - DO NOT OUTPUT.
500       $a 3RD 852 HAS 3 SUBFLD P'S (RLF NUMBER); 1ST DOES NOT CONTAIN "RLF", DO NOT OUTPUT; 2ND BEGINS "NRLF: ", DROP THE "NRLF: ", OUTPUT REMAINDER IN 852 p; 3RD - DO NOT OUTPUT.
650   0   $a Examiners (Administrative procedure) $z United States $x Statistics $x Periodicals.
650   0   $a Administrative procedure $z United States $x Statistics $x Periodicals.
710  1    $a Administrative Conference of the United States. $b Office of the Chairman.
852       $a CUBL $b NRLF $p JR 32 801 $x CIN=DPF; OID=RB
852       $a CUBL $b BARC $x CIN=DPF; OID=RB
852       $a CUBL $b FAC $p JR 21 81 $x CIN=DPF; OID=RB
901       $a CUBL $b 89-S164

Record 5
