LDR  00959cam  2200265 a 4500
001  CUBL05-B14243
003  CStRLIN
005  20051107074052.0
008  051103s2004    gw       b    000 0 ger  
016  7    $a 970172656 $2 GyFmDB
020       $a 3406520820 (pbk.) : $c EUR18.80
040       $a GyWOH $b eng $c GyWOH $d CUL
072   7   $a K $2 lcco
090       $a KK132.J9 $b A15 v.28
100  1    $a Hassemer, Winfried, $d 1940-
245  10   $a Religièose Toleranz im Rechtsstaat : $b das Beispiel Islam / $c von Winfried Hassemer.
260       $a Mèunchen : $b Beck, $c 2004.
300       $a 56 p. ; $c 23 cm.
440   0   $a Schriften der Juristischen Studiengesellschaft Regensburg ; $v Heft 28
500       $a CUBL:  DROP 9XX FIELDS, DROP INCOMING 852 (11/05).
504       $a Includes bibliographical references (p. 53-56).
650   0   $a Religious tolerance $z Germany.
650   0   $a Muslims $x Legal status, laws, etc. $z Germany.
852       $a CUBL $b STA $h KK132.J9 $i A15 v.28 $t 1 $x CIN=aim
901       $a CUBL $b 05-B14243

Record 7
