LDR  01451cam  2200313 a 4500
001  CUBL05-B13995
003  CStRLIN
005  20051107074145.0
008  051026s2004    enk      b    000 0 eng  
015       $a GBA4-X4814
016  7    $a 0850927951 $2 Uk
020       $a 0850927951 (pbk.) : $c ¹8.50
040       $a StDuBDS $c StDuBDS $d Uk $d CUL
082  04   $a 338.91091724 $2 22
090       $a K487.T4 $b S34 2004
100  1    $a Saggi, Kamal.
245  10   $a International technology transfer to developing countries / $c Kamal Saggi.
260       $a London : $b Commonwealth Secretariat, $c c2004.
300       $a 92 p. ; $c 24 cm.
440   0   $a Economic paper ; $v 64
500       $a CUBL:  OUTPUT FOLLOWING 852 SUBFLDS AS IS: 2 c, 2 f, h, 2 i, 2 k, l, 2 m, n, q, 2 s, t, 3 x (11/05).
500       $a REMOVE BEGINNING "Library has: " FROM 852 z, THEN CONCATENATE ALL 852 z'S AND OUTPUT AS SINGLE 852 3
500       $a OUTPUT 2 590 a'S AS SEPARATE 852 z'S IN EACH 852..
504       $a Includes bibliographical references.
650   0   $a Technology transfer $z Developing countries.
710  2    $a Commonwealth Secretariat. $b Communications and Public Affairs Division.
852       $a CUBL $b STA $c FIRST C $c 2ND C $f 1ST F $f 2ND F $h ThQA447 $i .G39 1999 $i 2ND I $k 1ST K $k 2ND K $l SUBFLD L $m 1ST M $m 2ND M $n SUBFLD N $q SUBFLD Q $s 1ST S $s 2ND S $t 1 $x 001 (1ST X) $x 2ND X $x 3RD X $z FIRST 590. $z 2ND 590 $3 1ST Z;  2ND Z; 3RD Z
852       $a CUBL $b LOA $h K487.T4 $i S34 2004 $t 1 $x CIN=aim $z FIRST 590. $z 2ND 590
901       $a CUBL $b 05-B13995

Record 8
