LDR  01173cam  2200289 a 4500
001  CUBL05-B13988
003  CStRLIN
005  20051107074243.0
008  051026s2004    be a     b    100 0 eng d
020       $a 9050953905
040       $a MiU-L $c MiU-L $d CUL
043       $a e------
050   4   $a KJE6428.A8 $b R46 2004x
090       $a KJE6569.A8 $b R46 2004x
245  00   $a Remedies in network industries : $b EC competition law vs. sector-specific regulations / $c D. Geradin, editor.
260       $a Antwerp : $b Intersentia, $c c2004.
300       $a x, 265 p. : $b ill. ; $c 24 cm.
500       $a CUBL:  REMOVE BACKSLASHES (HEX 5C) FROM FIRST INPUT 852 SUBLFD h AND i BEFORE OUTPUT (11/05).
500       $a SECOND INPUT 852 DOES NOT HAVE b - DO NOT CREATE AN OUTPUT 852.
504       $a Includes bibliographical references.
650   0   $a Industrial laws and legislation $z European Union countries $v Congresses.
650   0   $a Competition $z European Union countries $v Congresses.
700  1    $a Geradin, Damien.
710  2    $a Institut d'âetudes juridiques europâeennes "Fernand Dehousse."
730  0    $a Journal of network industries.
852       $a CUBL $b STA $h KJE6569 $i G54 2004 $x CIN=aim
901       $a CUBL $b 05-B13988

Record 9
