LDR  00953nam  2200277 a 4500
001  CUBL05-B14307
003  CStRLIN
005  20051107082440.0
008  051107s2004    mau      b    001 0 eng  
010       $a   2004006714
020       $a 1555536336 (alk. paper)
020       $a 1555536328 (pbk. : alk. paper)
040       $a DLC $c DLC $d DLC $d MiU-L $d CUL
043       $a n-us---
050  00   $a BS680.C3 $b R43 2004
082  00   $a 261.8/3366/0973 $2 22
090       $a KF9227.C2 $b R43 2004
100  1    $a Recinella, Dale S., $d 1951-
245  14   $a The biblical truth about America's death penalty / $c Dale S. Recinella.
260       $a Boston : $b Northeastern University Press, $c c2004.
300       $a xxviii, 433 p. ; $c 24 cm.
500       $a CUBL:  852 HAS MULTIPLE SUBFLD b'S, OUTPUT 1ST ONLY (11/05).
650   0   $a Capital punishment $x Biblical teaching.
650   0   $a Capital punishment $z United States.
852       $a CUBL $b STA $h KF9227.C2 $i R43 2004 $t 1 $x CIN=aim
901       $a CUBL $b 05-B14307

